<?xml version="1.0" encoding="UTF-8"?><record xmlns="http://www.loc.gov/MARC21/slim" xmlns:cinclude="http://apache.org/cocoon/include/1.0" xmlns:zs="http://www.loc.gov/zing/srw/">
  <leader>00467nz  a2200145n  4500</leader>
  <controlfield tag="001">nb2004302668</controlfield>
  <controlfield tag="003">DLC</controlfield>
  <controlfield tag="005">20040810051236.0</controlfield>
  <controlfield tag="008">040809n| acannaabn          |n aaa      </controlfield>
  <datafield tag="010" ind1=" " ind2=" ">
    <subfield code="a">nb2004302668</subfield>
  </datafield>
  <datafield tag="035" ind1=" " ind2=" ">
    <subfield code="a">(Uk)005967853</subfield>
  </datafield>
  <datafield tag="040" ind1=" " ind2=" ">
    <subfield code="a">Uk</subfield>
    <subfield code="b">eng</subfield>
    <subfield code="c">Uk</subfield>
  </datafield>
  <datafield tag="100" ind1="1" ind2=" ">
    <subfield code="a">Dudevant, Casimir,</subfield>
    <subfield code="d">1795-1871</subfield>
  </datafield>
  <datafield tag="670" ind1=" " ind2=" ">
    <subfield code="a">La naissance de George Sand, c2004:</subfield>
    <subfield code="b">p.33 (Casimir, husband of George Sand)</subfield>
  </datafield>
  <datafield tag="670" ind1=" " ind2=" ">
    <subfield code="a">Bib. Nat. France auth file, 9 Aug 2004</subfield>
    <subfield code="b">(hdg.: Dudevant, Casimir (1795-1871)</subfield>
  </datafield>
</record>